@article{ILSVRC15,
  Author = {Olga Russakovsky and Jia Deng and Hao Su and Jonathan Krause and Sanjeev Satheesh and Sean Ma and Zhiheng Huang and Andrej Karpathy and Aditya Khosla and Michael Bernstein and Alexander C. Berg and Li Fei-Fei},
  Title = {{ImageNet Large Scale Visual Recognition Challenge}},
  Year = {2015},
  journal   = {International Journal of Computer Vision (IJCV)},
  doi = {10.1007/s11263-015-0816-y},
  volume={115},
  number={3},
  pages={211-252}
},
@misc{website:convolution_code,
  author="Anirudhan J. Rajagopalan",
  Title="Homework 3 code",
  note="\url{https://github.com/rajegannathan/Deep-Learning/tree/master/hw3}"
},
@article{van2008visualizing,
  title={Visualizing data using t-SNE},
  author={Van der Maaten, Laurens and Hinton, Geoffrey},
  journal={Journal of Machine Learning Research},
  volume={9},
  number={2579-2605},
  pages={85},
  year={2008}
},
@article{mairal2014sparse,
  title={Sparse modeling for image and vision processing},
  author={Mairal, Julien and Bach, Francis and Ponce, Jean},
  journal={arXiv preprint arXiv:1411.3230},
  year={2014}
}
